
P A R T   I   :   I N T R O D U C T I O N
@phdthesis{Roberts-1963,
author={L. G. Roberts},
title={{Machine Perception of Three-dimensional Solids}},
school={{Massachusetts Institute of Technology}},
year={{1963}},
}
@book{Gibson-1986,
author={J. J. Gibson},
title ={{The Ecological Approach to Visual Perception}},
publisher ={{Lawrence Erlbaum Associates}},
year={{1986}},
}
@book{Zisserman-2004,
author={R. Hartley and A. Zisserman},
title={{Multiple View Geometry in Computer Vision}},
publisher={{Cambridge University Press}},
year={{2004}},
}
@book{Thrun-2005,
author={S. Thrun and W. Burgard and D. Fox},
title={{Probabilistic Robotics}},
publisher={{MIT Press, Cambridge}},
year={{2005}},
}

@INPROCEEDINGS{gazebo-2004,
author={Koenig, N. and Howard, A.},
booktitle={Intelligent Robots and Systems, 2004. (IROS 2004). Proceedings. 2004 IEEE/RSJ International Conference on},
title={Design and use paradigms for Gazebo, an open-source multi-robot simulator},
year={2004},
volume={3},
pages={2149-2154},
}

@INPROCEEDINGS{morse-2011,
author={Echeverria, G. and Lassabe, N. and Degroote, A. and Lemaignan, S.},
booktitle={Robotics and Automation (ICRA), 2011 IEEE International Conference on}, title={Modular open robots simulation engine: MORSE},
year={2011},
pages={46-51},
keywords={middleware;mobile robots;multi-robot systems;software agents;software architecture;Blender game engine mode;Bullet physics engine;Python scripts;actuators;communication framework;component-based architecture;full 3D environment;heterogeneous robots;middleware;modular open robots simulation engine;multiple robots system;open-source robotics simulator;realistic graphical display;robot architecture;software architecture;software-in-the-loop philosophy;Actuators;Middleware;Robot kinematics;Robot sensing systems;Software},
doi={10.1109/ICRA.2011.5980252},
ISSN={1050-4729},}

@INPROCEEDINGS{usarsim-2007,
author={Carpin, S. and Lewis, M. and Jijun Wang and Balakirsky, S. and Scrapper, C.},
booktitle={Robotics and Automation, 2007 IEEE International Conference on}, title={USARSim: a robot simulator for research and education},
year={2007},
pages={1400-1405},
keywords={educational technology;research and development;robots;Robocup;USARSim;education;research;robot simulator;virtual robots competition;Control systems;Educational programs;Educational robots;Engines;Orbital robotics;Robot control;Robot sensing systems;Robotics and automation;Service robots;USA Councils},
doi={10.1109/ROBOT.2007.363180},
ISSN={1050-4729},}

P A R T   II  :   R o b o C o m p
@article{McIlroy-1969,
author={M. D. McIlroy},
title={{Mass produced software components}},
journal={{NATO, Scientific Affairs Division}},
pages={{79--85}},
year={{1969}},
}
@inbook{He-2005,
author={J. He and X. Li and Z. Liu},
title={{Component-based Software Engineering: the Need to Link Methods and their Theories}},
pages={{70--95}},
year={{2005}},
publisher={{Springer}},
series ={{Proc. of ICTAC 2005, Lecture Notes in Computer Science 3722}},
}

@article{Schlegel-2006,
author={C. Schlegel},
title={{Communication Patterns as Key Towards Component-Based Robotics}},
journal={{International Journal of Advanced Robotic Systems}},
volume={3},
number={1},
pages={49--54},
year={2006}
}

@conference{Manso-2010,
author={L. J. Manso and P. Bachiller and P. Bustos and P. Núñez and R. Cintas and L. Calderita},
title={{RoboComp: a Tool-based Robotics Framework}},
booktitle={{Proc. of Int. Conf. on Simulation, Modeling and Programming for Autonomous Robots (SIMPAR)}},
pages ={{251--262}},
year={{2010}}
}

@inproceedings{Montemerlo-2003,
author={M. Montemerlo and N. Roy and S. Thrun},
title={{Perspectives on Standardization in Mobile Robot Programming: The Carnegie Mellon Navigation (CARMEN) Toolkit}},
booktitle={{Proceedings of International the International Conference on Intelligent Robots and Systems}},
pages={{2436--2441}},
year={{2003}},
}

@article{Canas-2007,
author={J. M. Cañas and J. Ruiz-Ayucar and C. Agüero and F. Martín},
title={{JDE-Neoc: Component oriented software architecture for robotics}},
journal={{Journal of Physical Agents}},
volume={{1}},
number={{1}},
pages={{1--6}},
year={{2007}}
}

@inproceedings{Romero-2011,
author={A. Romero-Garces and L. J. Manso and M. A. Gutiérrez and R. Cintas and P. Bustos},
title={{Improving the life cycle of robotics components using Domain Specific Languages}},
booktitle={{2nd International Workshop on Domain-Specific Languages and models for ROBotic systems (DSLRob'2011)}},
year={{2011}}
}


@article{Cote-2007,
author={C. Cote and Y. Brosseau and D. Letourneau and C. Raievsky and F. Michaud},
title={{Using MARIE for Mobile Robot Component Development and Integration}},
journal={{Software Engineering for Experimental Robotics, Springer}},
pages={{211--230}},
year={{2007}}
}

@misc{Ice,
  title={{Ice - Internet Communications Engine}},
  author={Henning, M and Spruiell, M},
  year={2005}
}

@phdthesis{Schlegel-2004,
  author={C. Schlegel},
  title={Navigation and Execution for Mobile Robots in Dynamic Environments: An Integrated Approach},
  year={2004},
  school={University of Ulm},
}


@article{Utz-2007,
   author={H. Utz and G. Mayer and U. Kaufmann and G. Kraetzschmar},
   title={{V}{I}{P}: {T}he {V}ideo {I}mage {P}rocessing {F}ramework {B}ased on the {M}{I}{R}{O} {M}iddleware},
   journal={Software Engineering for Experimental Robotics, Springer},
   pages={325--344},
   year={2007}
}
@misc{Newman-2006,
   author={P. Newman},
   title={MOOS - Mission Orientated Operating Suite},
   howpublished={Massachusets Institute of Technology, Dept. of Ocean Engineering},
   year={2006}
}
@misc{OpenRTM,
  title={{R}{T}-{M}iddleware: {O}pen{R}{T}{M}-{A}{I}{S}{T}},
  author={{N}{A}{I}{S}{T}},
  howpublished={{N}ational {I}nstitute of {A}dvanced {I}ndustrial {S}cience and {T}echnology ({A}{I}{S}{T})},
  url={http://www.openrtm.org/},
  year={2010}
}
@article{Brooks-2007,
   author={A. Brooks and T. Kaupp and A. Makarenko and S. Williams and A. Oreback},
   title={{O}rca: {A} {C}omponent {M}odel and {R}epository},
   journal={Software Engineering for Experimental Robotics, Springer},
   pages={231--251},
   year={2007}
}
@inproceedings{Bruyninckx-2001,
   author={H. Bruyninckx},
   title={{O}pen {R}obot {C}ontrol {S}oftware: the {O}{R}{O}{C}{O}{S} project},
   booktitle={Proc. of International Conference on Intelligent Robots and Systems},
   pages={2523--2528},
   year={2001}
}
@inproceedings{Gerkey-2005,
   author={B. Gerkey and T. Collet and B. MacDonald},
   title={{P}layer 2.0: {T}oward a {P}ractical {R}obot {P}rogramming {F}ramework},
   booktitle={Proc. of the Australasian Conf. on Robotics and Automation},
   year={2005}
}
@article{Fitzpatrick-2008,
   author={P. Fitzpatrick and G. Metta and L. Natale},
   title={{T}owards {L}ong-{L}ived {R}obot {G}enes},
   journal={Journal of Robotics and Autonomous Systems},
   volume={56},
   number={1},
   pages={29--45},
   year={2008}
}
@article{Henning-2007,
   title={{D}istributed {P}rogramming with {I}ce},
   journal={Proceedings of the International Conference on Parallel and Distributed Processing Techniques and Applications},
   publisher={ZeroC, Inc.},
   author={M. Henning and M. Spruiell},
   year={2007},
   pages={89--110}
}
@misc{ZeroC-customers,
   author={ZeroC},
   title={{Z}ero{C} {C}ustomers},
   url={http://zeroc.com/customers.html},
   publisher={ZeroC, Inc.},
   year={2010}
}
@inproceedings{Gat-1998,
    author ={E. Gat},
    title ={{O}n {T}hree-{L}ayer {A}rchitectures},
    booktitle ={{A}rtificial {I}ntelligence and {M}obile {R}obots},
    pages ={195--210},
    year ={1998},
    publisher ={MIT Press}
}
@inproceedings{Volpe-2001,
 author ={R. Volpe and I. Nesnas and T. Estlin and D. Mutz and R. Petras and H. Das},
 title ={{T}he {C}{L}{A}{R}{A}ty {A}rchitecture for {R}obotic {A}utonomy},
 booktitle ={Proc. of Aerospace Conference},
 pages ={121--132},
 year=2001
}
@conference{Nicolescu-2002,
 author ={M. N. Nicolescu and M. J. Matari\'c},
 title ={{A} {H}ierarchical {A}rchitecture for {B}ehavior-{B}ased {R}obots},
 booktitle ={Proc. of Int. Joint Conf. on Autonomous Agents and Multi-Agent Systems},
 pages ={227--233},
 year=2002
}
@conference{Quigley-2009,
 author ={M. Quigley and B. Gerkey and K. Conley and J. Faust and T. Foote and J. Leibs and E. Berger and R. Wheeler and A. Ng},
 title ={{R}{O}{S}: an open-source {R}obot {O}perating {S}ystem},
 booktitle ={Proc. of ICRA Workshop on Open Source Software},
 year=2009
}
@inproceedings{Gerkey-2003,
  title={The Player/Stage Project: Tools for multi-robot and distributed sensor systems},
  author={B. Gerkey and R. T. Vaughan and A. Howard},
  booktitle={Proceedings of the 11th international conference on advanced robotics},
  pages={317--323},
  year={2003},
}
@inproceedings{Vaughan-2003,
  title={On Device Abstractions For Portable, Resuable Robot Code},
  author={R. T. Vaughan and B. Gerkey and A. Howard},
  booktitle={Proceedings of the IEEE/RSJ International Conference on Intelligent Robot Systems},
  pages={2121--2427},
  year={2003},
}

@article{Wolf-2008,
  title={Semantic Mapping Using Mobile Robots},
  author={D. F. Wolf and G. S. Sukhatme},
  journal={IEEE Transactions on Robotics},
  volume={24},
  number={2},
  pages={245--258},
  year={2008},
}

@incollection{simbad-2006,
year={2006},
isbn={978-3-540-38608-7},
booktitle={From Animals to Animats 9},
volume={4095},
series={Lecture Notes in Computer Science},
editor={Nolfi, Stefano and Baldassarre, Gianluca and Calabretta, Raffaele and Hallam, JohnC.T. and Marocco, Davide and Meyer, Jean-Arcady and Miglino, Orazio and Parisi, Domenico},
doi={10.1007/11840541_68},
title={Simbad: An Autonomous Robot Simulation Package for Education and Research},
url={http://dx.doi.org/10.1007/11840541_68},
publisher={Springer Berlin Heidelberg},
author={Hugues, Louis and Bredeche, Nicolas},
pages={831-842}
}

@PhdThesis{darwin-1999,
 author = {Chris Leger},
 title = {{Automated synthesis and Optimization of Robot Configurations: An Evloutionary Approach}},
 school = {The Robotics institute, Carnegie Mellon University},
 year = {1999},
 url = {http://darwin2k.sourceforge.net/thesis.pdf},
}

@misc{icub-2008,
          editor = {R Madhavan  and E.R. Messina},
           month = {August},
           title = {An Open-Source Simulator for Cognitive Robotics Research: The Prototype of the iCub Humanoid Robot Simulator},
          author = {Vadim Tikhanoff and Angelo Cangelosi and Paul Fitzpatrick and Giorgio Metta and Lorenzo Natale and Francesco Nori},
       publisher = {ACM},
            year = {2008},
         journal = {Proceedings of IEEE Workshop on Performance Metrics for Intelligent Systems Workshop (PerMIS?08)},
        keywords = {Open-Source, Simulator, iCub humanoid robot, cognitive robotics},
             url = {http://cogprints.org/6238/},
        abstract = {This paper presents the prototype of a new computer simulator for the humanoid robot iCub. The iCub is a new open-source humanoid robot developed as a result of the ?RobotCub? project, a collaborative European project aiming at developing a new open-source cognitive robotics platform. The iCub simulator has been developed as part of a joint effort with the European project ?ITALK? on the integration and transfer of action and language knowledge in cognitive robots. This is available open-source to all researchers interested in cognitive robotics experiments with the iCub humanoid platform.}
}

@article{nuske-2009,
          volume = {26},
          number = {9},
          author = {Stephen Nuske and Jonathan Roberts and Gordon Wyeth},
           title = {Robust outdoor visual localization using a three-dimensional-edge map},
       publisher = {John Wiley \& Sons},
         journal = {Journal of Field Robotics},
           pages = {728--756},
            year = {2009},
        keywords = {Robots, Computer Vision},
             url = {http://eprints.qut.edu.au/32810/},
        abstract = {Visual localization systems that are practical for autonomous vehicles in outdoor industrial applications must perform reliably in a wide range of conditions. Changing outdoor conditions cause difficulty by drastically altering the information available in the camera images. To confront the problem, we have developed a visual localization system that uses a surveyed three-dimensional (3D)-edge map of permanent structures in the environment. The map has the invariant properties necessary to achieve long-term robust operation. Previous 3D-edge map localization systems usually maintain a single pose hypothesis, making it difficult to initialize without an accurate prior pose estimate and also making them susceptible to misalignment with unmapped edges detected in the camera image. A multihypothesis particle filter is employed here to perform the initialization procedure with significant uncertainty in the vehicle's initial pose. A novel observation function for the particle filter is developed and evaluated against two existing functions. The new function is shown to further improve the abilities of the particle filter to converge given a very coarse estimate of the vehicle's initial pose. An intelligent exposure control algorithm is also developed that improves the quality of the pertinent information in the image. Results gathered over an entire sunny day and also during rainy weather illustrate that the localization system can operate in a wide range of outdoor conditions. The conclusion is that an invariant map, a robust multihypothesis localization algorithm, and an intelligent exposure control algorithm all combine to enable reliable visual localization through challenging outdoor conditions. }
}

@INPROCEEDINGS{kosaka-1992,
author={Kosaka, A. and Kak, A.},
booktitle={Intelligent Robots and Systems, 1992., Proceedings of the 1992 lEEE/RSJ International Conference on}, title={Fast Vision-guided Mobile Robot Navigation Using Model-based Reasoning And Prediction Of Uncertainties},
year={1992},
volume={3},
pages={2177-2186},
keywords={Humans;Inference mechanisms;Machine vision;Mobile robots;Navigation;Robot kinematics;Robot vision systems;Robotics and automation;Tracking;Uncertainty},
doi={10.1109/IROS.1992.602076},
ISSN={1},}

@inproceedings{Orca-2005,
  title={Towards Component-Based Robotics},
  author={A. Brooks and T. Kaupp and A. Makarenko and A. Oreback and S. B. Williams},
  booktitle={Proceedings of the IEEE/RSJ Int. Conf. on Intelligent Robots and Systems},
  pages={163--168},
  year=2005,
}


@article{Brugali-2009,
  author={D. Brugali and P. Scandurra},
  title={Component-based Robotic Engineering. Part I: Reusable building blocks},
  journal={IEEE Robotics and Automation Magazine},
  volume={16},
  number={4},
  pages={84--96},
  year={2009},
}

@article{Brugali-2010,
  author={D. Brugali and A. Shakhimardanov},
  title={Component-based Robotic Engineering. Part II: Models and systems},
  journal={IEEE Robotics and Automation Magazine},
  volume={17},
  issue={1},
  pages={100--112},
  year={2010},
}

@inproceedings{Schmidt-2002cosmic,
    author ={D. C. Schmidt and A. Gokhale and R. Natarajan and E. Neema and T. Bapty and J. Parsons and J. Gray and A. Nechypurenko and N. Wang},
    title ={{CoSMIC: An MDA Generative Tool for Distributed Real-time and Embdedded Component Middleware and Applications}},
    booktitle ={In Proceedings of the OOPSLA 2002 Workshop on Generative Techniques in the Context of Model Driven Architecture},
    year ={2002},
    publisher ={ACM}
}

@InBook{Claus-2001,
 author ={R. W. Claus and N. Wang and D. C. Schmidt and C. ORyan},
 chapter ={Overview of the CORBA Component Model},
 title ={Component Based Software Engineering Putting the Pieces Together},
 publisher ={Addison-Wesley Longman},
 year ={2001},
 pages ={5--19},
 isbn ={0-201-70485-4},
}

@manual{OMG-2008,
 title={Robotic Technology Component Specification},
 author={Object Management Group},
 edition={1},
 url={http://www.omg.org/spec/RTC/1.0/PDF},
 year={2008},
}

@Article{Alonso-2010,
 author ={D. Alonso and C. Vicente-Chicote and F. Ortiz and J. Pastor and B. Álvarez},
 title ={V3CMM: a 3-View Component Meta-Model for Model-Driven Robotic Software Development},
 journal ={Journal of Software Engineering for Robotics},
 year ={2010},
 volume ={1},
 number ={1},
 pages ={3--17},
 issn ={2035-3928},
}

@manual{Booch-2008,
  author={G. Booch and I. Jacobson and J. Rumbaugh},
  year={2000},
  organization={Object Management Group},
  title={Unified Modeling Language Specification},
}

@inproceedings{Schlegel-2010,
  author={C. ScGutierrezhlegel and A. Steck and D. Brugali and A. Knoll},
  title={Design Abstraction and processes in Robotics: From Code-Driven to Model-Driven Engineering},
  booktitle={2nd International Conference on Simulation, Modeling and Programming for Autonomous Robots},
  year={2010},
  pages={324--335},
  publisher={Springer},
}

@Book{Schmidt-2002ace,
 author ={D. C. Schmidt and S. Huston},
 title ={C++ Network Programming Volume 2: Systematic Reuse with ACE and Frameworks},
 publisher ={Addison-Wesley},
 year ={2002},
 isbn ={0201795256 },
}

@article{Schmidt-1997tao,
  author={D. C. Schmidt and A. Gokhale and T. H. Harrison and D. Levine and C. Cleeland},
  title={TAO: a high-performance end system architecture for real-time corba},
  journal={IEEE Communications Magazine},
  volume={14},
  number={2},
  year={1997},
}

@book{Steinberg-2008,
  author={D. Steinberg and F. Budinsky and M. Paternostro and E. Merks},
  title={EMF: Eclipse Modeling Framework},
  publisher={Addison-Wesley},
  year={2008},
  isbn={0-321-33188-5},
}

@inproceedings{Efftinge-2006,
  author={S. Efftinge and M. Vlter},
  title={oAW xText: A framework for textual DSLs},
  booktitle={Proceedings of Modeling Symposium at Eclipsecon Summit Europe},
  year={2006},
}

@article{Gutierrez-2013,
author={M. A. Gutiérrez and A. Romero-Garcés and P. Bustos and J. Martínez},
title={{Progress in RoboComp}},
year={2013},
journal={Journal of Physical Agents},
volume={7},
number={1},
pages={38-47}
}


@inproceedings{Oldevik-2006,
  author={J. Oldevik},
  title={MOFScript Eclipse Plug-In. Metamodel-Based Code Generation},
  booktitle={Proceedings of Eclipse Technology Workshop 2006 at European Conference on Object-Oriented Programming},
  year={2006},
}

@misc{GMF-2011,
 author={Graphical Modeling Project},
 title={Graphical Modeling Framework},
 howpublished={Online tutorial},
 url={http://www.eclipse.org/modeling/gmp},
 year={2011},
 lastchecked={2012},
}


P A R T   III :   A C T I V E   H I E R A R C H I C A L   M O D E L I N G



@inproceedings{Muller-1996,
    author ={J. P. Müller and M. O. Rodriguez},
    title ={A Constructivist Approach To Autonomous Systems},
    booktitle ={In Growing Mind Symposium, Piaget},
    year ={1996}
}
@inproceedings{Angelopoulou-1992,
 author={E. Angelopoulou and T. H. Hong and A. Y. Wu},
 title={{W}orld {M}odel {R}epresentations for {M}obile {R}obots},
 booktitle={Proc. of the Intelligent Vehicles Symposium},
 year={1992},
 pages={293--297},
 isbn={0-7803-0747-X}
}

@article{Thrun-1998,
pages={21-71},
author={S. Thrun},
year={1998},
journal={Artificial Intelligence},
volume={9},
number={1},
title={{L}earning metric-topological maps for indoor mobile robot navigation}
}

@techreport{Thrun-2002,
 author ={S. Thrun},
 title ={{R}obotic {M}apping: {A} {S}urvey},
 institution ={School of Computer Science, Carnegie Mellon University},
 year=2002
}

@techreport{Maja-1990,
 author ={M. J. Matari\'{c}},
 title ={{A} {D}istributed {M}odel for {M}obile {R}obot {E}nvironment-{L}earning and {N}avigation},
 institution ={Massachusetts Institute of Technology  AI Lab},
 year=1990
}


@inproceedings{Simhon-1998,
    author ={S. Simhon and G. Dudek},
    title ={{A} {G}lobal {T}opological {M}ap formed by {L}ocal {M}etric {M}aps},
    booktitle ={In IEEE/RSJ International Conference on Intelligent Robots and Systems},
    year ={1998},
    pages ={1708--1714}
}

@article{Tomatis-2003,
   author      ={N. Tomatis and I. Nourbakhsh and R. Siegwart},
   title       ={{H}ybrid simultaneous localization and map building: a natural integration of topological and metric},
   journal     ={Robotics and {A}utonomous {S}ystems},
   number      ={1},
   pages       ={3--14},
   volume      ={44},
   year        ={2003}
}

@inproceedings{VanZwynsvoorde-2000,
author ={D. van Zwynsvoorde and T. Simeon and R. Alami},
title ={{Incremental topological modeling using local Voronoï-like graphs}},
booktitle ={Proc. of IEEE/RSJ Int. Conf. on Intelligent Robots and System (IROS 2000)},
year ={2000},
volume ={2},
pages ={897--902}
}

@inproceedings{Yan-2006,
author ={F. Yan and Y. Zhuang and W. Wang},
title ={{Large-scale Topological Environmental Model Based Particle Filters for Mobile Robot Indoor Localization}},
booktitle ={Proc. of the IEEE Int. Conf. on Robotics and Biomimetics},
volume ={0},
year ={2006},
pages ={858--863}
}

@inproceedings{Montijano-2009,
author ={E. Montijano and C. Sagues},
title ={{Topological maps based on graphs of planar regions}},
booktitle = {{Proc. of the IEEE/RSJ International Conference on Intelligent Robots and Systems (IROS)}},
pages ={{1661--1666}},
year = {{2009}}
}

@article{Martinez-2011a,
author ={J. Mart\'{i}nez and A. Jimenez and J. A. G\'{o}mez and I. Garc\'{i}a},
title ={{Combining invariant features and localization techniques for visual place classification: successful experiences in the robotVision@ImageCLEF competition}},
journal={{Journal of Physical Agents}},
volume={{5}},
number={{1}},
pages ={{45--54}},
year ={{2011}}
}

@inproceedings{Martinez-2011b,
author ={J. Mart\'{i}nez and B. Caputo},
title ={{Towards Semi-Supervised Learning of Semantic Spatial Concepts}},
booktitle ={{Proc. of the IEEE Int. Conf. on Robotics and Automation (ICRA)}},
pages ={{1936--1943}},
year ={{2011}}
}

@book{Miller-1986,
title={{Plans and the Structure of Behavior}},
author={G. A. Miller and E. Galanter and K. H. Pribram},
year={{1986}},
publisher={{Adams Bannister Cox}}
}

@article{Brooks-1991,
title={{Intelligence without representation}},
author={R. A. Brooks},
journal={{Artificial intelligence}},
volume={{47}},
number={{1}},
pages={{139--159}},
year={{1991}},
publisher={{Elsevier}}
}

@techreport{Nilsson-1984,
author={N. J. Nilsson},
title={{Shakey The Robot}},
institution={{AI Center, SRI International}},
number={{323}},
year={{1984}},
}

@article{Brooks-1989,
  title={Fast, Cheap and out of Control: A Robot Invasion of the Solar System},
  author={R. A. Brooks and A. M. Flynn and C. Fast},
  journal={Journal of the British Interplanetary Society},
  volume={42},
  pages={478-485},
  year={1989}
}


@book{Arkin-1998,
  title={Behavior-based robotics},
  author={R. C. Arkin},
  year={1998},
  publisher={MIT Press}
}

@inproceedings{Ulam-2004,
  title={When good communication go bad: communications recovery for multi-robot teams},
  author={Ulam, P. and Arkin, R. C.},
  booktitle={Robotics and Automation, 2004. Proceedings. ICRA'04. 2004 IEEE International Conference on},
  volume={4},
  pages={3727--3734},
  year={2004},
  organization={IEEE}
}

@inproceedings{Meng-2006,
title={{Multi-robot aggregation strategies with limited communication}},
author={Meng, Y. and Nickerson and J. V. and Gan, J.},
booktitle={{Intelligent Robots and Systems, 2006 IEEE/RSJ International Conference on}},
pages={{2691--2696}},
year={{2006}},
organization={{IEEE}}
}

@inproceedings{Coughlan1999,
title={{Manhattan World: Compass Direction from a Single Image by Bayesian Inference}},
author={J. M. Coughlan and A. L. Yuille},
booktitle={{Computer Vision, 1999. The Proceedings of the Seventh IEEE International Conference on}},
volume={2},
pages={941--947},
year={1999},
organization={IEEE}
}

@article{Sheng-2006,
title={{Distributed multi-robot coordination in area exploration}},
author={Sheng, W. and Yang, Q. and Tan, J. and Xi, N.},
journal={{Robotics and Autonomous Systems}},
volume={{54}},
number={{12}},
pages={{945--955}},
year={{2006}},
publisher={{Elsevier}}
}

@book{Noe-2004,
title={{Action in perception}},
author={A. No\"e},
year={{2004}},
publisher={{The MIT Press}}
}

@inbook{LaValle-2001,
author={S. M. LaValle and J. J. Kuffner},
chapter={{Rapidly-exploring Random Trees: Progress and Prospects}},
title={{Algorithmic and Computational Robotics: New Directions}},
publisher={{A K Peters}},
pages={{293--308}},
year={{2001}},
}

@article{Rodriguez-2008,
title={{RESAMPL: A region-sensitive adaptive motion planner}},
author={S. Rodriguez and S. Thomas, R. Pearce and N. Amato},
journal={{Algorithmic Foundation of Robotics VII}},
pages={{285--300}},
year={{2008}},
publisher={{Springer}}
}

@article{Smith-1992,
title={{Bayesian statistics without tears: a sampling-resampling perspective}},
author={A. F. M. Smith and A. E. Gelfand},
journal={{American Statistician}},
pages={{84--88}},
year={{1992}},
publisher={{JSTOR}}
}

@article{Rubin-1988,
title={{Using the SIR algorithm to simulate posterior distributions}},
author={Rubin, D. B. and others},
journal={{Bayesian statistics}},
volume={{3}},
pages={{395--402}},
year={1988}}
}


@article{Newton-1994,
title={{Approximate Bayesian inference with the weighted likelihood bootstrap}},
author={{Newton, M. A. and Raftery, A. E.}},
journal={{Journal of the Royal Statistical Society}},
pages={{3--48}},
year={{1994}},
}

@inproceedings{Gordon-1993,
title={{Novel approach to nonlinear/non-Gaussian Bayesian state estimation}},
author={Gordon, N. J. and Salmond, D. J. and Smith, A. F. M.},
booktitle={{Radar and Signal Processing, IEEE Proceedings}},
volume={{140}},
pages={{107--113}},
year={{1993}},
}

@article{Efron-1982,
title={{The bootstrap, jacknife and other resampling plans}},
author={B. Efron},
journal={{Society of Industrial and Applied Mathematics}},
year={{1982}}
}

@article{Metropolis-1953,
title={{Equations of State Calculations by Fast Computing Machines}},
author={N. Metropolis and A. W. Rosenbluth and M. N. Rosenbluth and A. H. Teller},
journal={{Journal of Chemical Physics}},
volume={{21}},
issue={{6}},
year={{1953}},
pages={{1087--1091}}
}

@article{Hastings-1970,
title={{Monte Carlo sampling methods using Markov chains and their applications}},
author={Hastings, W. K.},
journal={{Biometrika}},
volume={{57}},
number={{1}},
pages={{97--109}},
year={{1970}},
publisher={{Biometrika Trust}}
}


Particle filters, Local Likelihood sampling, LLS
@article{Torma-2004,
  title={{Enhancing Particle Filters using Local Likelihood Sampling}},
  author={P. Torma and C. Szepesv{\'a}ri},
  journal={Computer Vision-ECCV 2004},
  pages={16--27},
  year={2004},
  publisher={Springer}
}

Particle filters, Rao blackwellization
@inproceedings{Doucet-2000,
title={{Rao-Blackwellised Particle Filtering for Dynamic Bayesian Networks}},
author={Doucet, A. and De Freitas, N. and Murphy, K. and Russell, S.},
booktitle={Proceedings of the Sixteenth conference on Uncertainty in artificial intelligence},
pages={176--183},
year={2000},
organization={Morgan Kaufmann Publishers Inc.}
}

@article{Gelfand-1990,
title={{Sampling-Based Approaches to Calculating Marginal Densities}},
author={Gelfand, A. E. and Smith, A. F. M.},
journal={Journal of the American statistical association},
volume={85},
number={410},
pages={398--409},
year={1990},
publisher={Taylor \& Francis}
}

@article{Pitt-1999,
title={{Filtering via simulation: Auxiliary particle filters}},
author={Pitt, M. K. and Shephard, N.},
journal={Journal of the American statistical association},
volume={94},
number={446},
pages={590--599},
year={1999},
publisher={Taylor \& Francis Group}
}

@inproceedings{Septier-2009,
  title={On MCMC-based particle methods for Bayesian filtering: Application to multitarget tracking},
  author={Septier, F. and Pang, S. K. and Carmi, A. and Godsill, S.},
  booktitle={Computational Advances in Multi-Sensor Adaptive Processing (CAMSAP), 2009 3rd IEEE International Workshop on},
  pages={360--363},
  year={2009},
  organization={IEEE}
}

@article{Khan-2004,
  title={An MCMC-based particle filter for tracking multiple interacting targets},
  author={Khan, Z. and Balch, T. and Dellaert, F.},
  journal={Computer Vision-ECCV 2004},
  pages={279--290},
  year={2004},
  publisher={Springer}
}
@inproceedings{Vlassis-2002,
  title={Auxiliary particle filter robot localization from high-dimensional sensor observations},
  author={Vlassis, N. and Terwijn, B. and Krose, B.},
  booktitle={Proceedings of IEEE International Conference on Robotics and Automation},
  volume={1},
  pages={7--12},
  year={2002},
  organization={IEEE}
}

@article{Johansen-2008,
  title={{A note on Auxiliary Particle Filters}},
  author={Johansen, A. M. and Doucet, A.},
  journal={Statistics \& Probability Letters},
  volume={78},
  number={12},
  pages={1498--1504},
  year={2008},
  publisher={Elsevier}
}


@phdthesis{Bandouch-2010,
title={{Observing and Interpreting Complex Human Activities in Everyday Environments}},
author={J. Bandouch},
school={{Technical University of Munich}},
year={2010}
}

@article{Green-2012,
title={{Reversible Jump Markov Chain Monte Carlo Computation and Bayesian Model Determination}},
author={P. J. Green},
journal={Biometrika},
volume={82},
issue={4},
year={1995},
pp={711-732}
}

@TechReport{Smith-2006,
author={Smith, K.},
title={Reversible-jump Markov chain Monte Carlo Multi-object Tracking Tutorial},
institution={IDIAP Research Institute},
type={Communication},
number={IDIAP-COM-06-07},
year={2006},
url={http://cvlab.epfl.ch/~ksmith/RJMCMC.php}
}

@inproceedings{Sanchez-2012,
author={A. Sanchez and P. Núñez and L. J. Manso and P. Bustos},
title={Experiments in self-calibration of an autonomous mobile manipulator},
booktitle={Proceedings of the Workshop of Physical Agents (WAF2012)},
pages={183--190},
year={2012},
}


@phdthesis{Smith-2007,
title={{Bayesian methods for visual multi-object tracking with applications to human activity recognition}},
author={Smith, K.},
school={Lausanne, EPFL},
year={2007}
}

@article{Silva-2009,
title={{Particle filtering within adaptive Metropolis Hastings sampling}},
author={Silva, R. and Giordani, P. and Kohn, R. and Pitt, M.},
journal={arXiv preprint arXiv:0911.0230},
year={2009}
}

@article{Grisetti-2006,
  title={{Improved techniques for grid mapping with Rao-Blackwellized Particle Pilters}},
  author={Grisetti, G. and Stachniss, C. and Burgard, W.},
  journal={Robotics, IEEE Transactions on},
  volume={23},
  number={1},
  pages={34--46},
  year={2006},
  publisher={IEEE}
}

@book{Carlin-2009,
  title={Bayesian Methods for Data Analysis},
  author={B. P. Carlin and T. A. Louis},
  year={2009},
  publisher={Chapman \& Hall/CRC}
}

@article{Kirkpatrick-1983,
title={Optimization by Simulated Annealing},
author={Kirkpatrick, S. and Gelatt Jr, C. D. and Vecchi, M. P.},
journal={science},
volume={220},
number={4598},
pages={671--680},
year={1983},
publisher={American Association for the Advancement of Science}
}


@article{Neal-2001,
title={Annealed Importance Sampling},
author={Neal, R. M.},
journal={Statistics and Computing},
volume={11},
number={2},
pages={125--139},
year={2001},
publisher={Springer}
}

@article{Deutscher-2005,
title={{Articulated Body Motion Capture by Stochastic Search}},
author={Deutscher, J. and Reid, I.},
journal={International Journal of Computer Vision},
volume={61},
number={2},
pages={185--205},
year={2005},
publisher={Springer}
}

@article{MacCormick-2000,
  title={A probabilistic exclusion principle for tracking multiple objects},
  author={MacCormick, J. and Blake, A.},
  journal={International Journal of Computer Vision},
  volume={39},
  number={1},
  pages={57--71},
  year={2000},
  publisher={Springer}
}


@article{Tu-2002,
author={Z. Tu and S-C Zhu},
title={{Image Segmentation by Data-Driven Markov Chain Monte Carlo}},
publisher={{IEEE}},
journal={{Transactions on Pattern Analysis and Machine Intelligence}},
volume={{24}},
issue={{5}},
page={{657--673}},
year={{2002}},
}



EXPERIMENTO 1
@article{Lagunovsky-1999,
  author    ={Lagunovsky, D. and  Ablameyko, S.},
  title     ={Straight-line-based primitive extraction in grey-scale object recognition},
  journal   ={Pattern Recognition Letters},
  volume    ={20},
  number    ={10},
  year      ={1999},
  pages     ={1005-1014}
}
@article{Lin-1998,
  author    ={Lin, C. and Nevatia, R.},
  title     ={Building Detection and Description from a Single Intensity
               Image},
  journal   ={Computer Vision and Image Understanding},
  volume    ={72},
  number    ={2},
  year      ={1998},
  pages     ={101-121}
}

@article{Matas-2000,
  author    ={Matas, J. and Galambos, C. and Kittler, J.},
  title     ={Robust Detection of Lines Using the Progressive Probabilistic Hough Transform},
  journal   ={Computer Vision and Image Understanding},
  volume    ={78},
  number    ={1},
  year      ={2000},
  pages     ={119-137}
}
@inproceedings{Tao-2002,
  author={Tao, W. B. and Tian, J. W. and Liu, J.},
  booktitle={Signal Processing, 2002 6th International Conference on}, title={A new approach to extract rectangular building from aerial urban images},
  year={2002},
  volume={1},
  number={},
  pages={143--146}
}
@article{Rosenfeld-1969,
 author ={Rosenfeld, A.},
 title ={Picture Processing by Computer},
 journal ={ACM Comput. Surv.},
 volume ={1},
 issue ={3},
 month ={September},
 year ={1969},
 issn ={0360-0300},
 pages ={147--176},
 numpages ={30}
} 
@article{Palmer-1994,
  author    ={Palmer, P. L. and Kittler, J. and Petrou, M.},
  title     ={Using focus of attention with the hough transform for accurate line parameter estimation},
  journal   ={Pattern Recognition},
  volume    ={27},
  number    ={9},
  year      ={1994},
  pages     ={1127-1134}
}

@article{Duda-1972,
 author ={Duda, R. O. and Hart, P. E.},
 title ={Use of the Hough transformation to detect lines and curves in pictures},
 journal ={Commun. ACM},
 volume ={15},
 issue ={1},
 month ={January},
 year ={1972},
 issn ={0001-0782},
 pages ={11--15},
 numpages ={5}
}

@article{Zhu-2003,
author    ={Zhu, Y. and  Carragher, B. and Mouche, F. and Potter, C. S.},
title     ={{Automatic Particle Detection through Efficient Hough Transforms}},
journal   ={IEEE Trans. Med. Imaging},
volume    ={22},
number    ={9},
year      ={2003}
}
@inproceedings{Jung-2004,
  author ={Jung, C. R. and Schramm, R.},
  title ={Rectangle Detection based on a Windowed Hough Transform},
  booktitle ={Proceedins of the XVII Brasilian Symposium on Computer Graphics and Image Processing},
  year ={2004},
  pages ={113--120}
}

@article{Busquets-2003,
  title={A multiagent approach to qualitative landmark-based navigation},
  author={Busquets, D. and Sierra, C. and De M{\`a}ntaras, R. L.},
  journal={Autonomous Robots},
  publisher={Springer},
  volume={15},
  number={2},
  pages={129--154},
  year={2003},
}

@article{Thrun-2000,
  title={Monte carlo POMDPs},
  author={Thrun, S.},
  journal={Advances in neural information processing systems},
  volume={12},
  pages={1064--1070},
  year={2000}
}

@article{Kalman-1960,
  author ={Kalman, R. E.},
  title ={A New Approach to Linear Filtering and Prediction Problems},
  journal ={Transactions of the ASME--Journal of Basic Engineering},
  volume ={82},
  number ={Series D},
  pages ={35--45},
  year ={1960}
}

@techreport{Welch-1995,
  title={An introduction to the Kalman filter},
  author={Welch, G. and Bishop, G.},
  institution={University of North Carolina at Chapel Hill, Chapel Hill, NC},
  number={041},
  volume={95},
  year={1995}
}

En "Blocks World Revisited" se presenta un mecanismo visual de modelado de entornos exteriores.
Se usan las "leyes de la naturaleza" para ello.
http://www.cs.cmu.edu/~abhinavg/blocksworld/
@conference{Gupta-2010,
   author ={A. Gupta and A. A. Efros and M. Hebert},
   title={{B}locks {W}orld {R}evisited: {I}mage {U}nderstanding {U}sing {Q}ualitative {G}eometry and {M}echanics},
   booktitle={European Conference on Computer Vision(ECCV)},
   year=2010
}
@inbook{Svenson-2009,
   author ={H. Svensson and A. Morse and T. Ziemke},
   title ={{N}eural {P}athways of {E}mbodied {S}imulation},
   series ={Anticipatory Behavior in Adaptive Learning Systems},
   pages ={95-114},
   publisher ={Springer},
   year=2009
}
En "Geometric Reasoning for Single Image Structure Recovery" se presenta un mecanismo visual para el modelado de entornos interiores.
Se usan líneas, vanishing points, vanishing lines... Suponiendo que el entorno es cuadrado.
@conference{Lee-2009,
   author ={D. C. Lee and M. Hebert and T. Kanade},
   title ={{G}eometric {R}easoning for {S}ingle {I}mage {S}tructure {R}ecovery},
   booktitle ={IEEE Computer Society Conference on Computer Vision and Pattern Recognition (CVPR)},
   month ={June},
   year=2009
}
En "Recovering Surface Layout from an Image" se presenta un mecanismo para la estimación de la orientación de píxeles en escenas (scene layout).
Se usa machine learning para obtener la orientación. Principalmente su uso es para exteriores.
@article{Hoiem-2007,
   author ={D. Hoiem and A. A. Efros and M. Hebert},
   title ={{R}ecovering {S}urface {L}ayout from an {I}mage},
   journal ={International Journal of Computer Vision},
   month ={October},
   year=2007,
   volume ={75},
   number ={1}
}
En "Make3D: Learning 3-D Scene Structure from a Single Still Image" se presenta un mecanismo para la estimación total de la forma de una escena de exteriores.
@conference{Saxena-2008,
 author ={Ashutosh Saxena and Min Sun and Andrew Y. Ng},
 title ={{M}ake3{D}: {L}earning 3-{D} {S}cene {S}tructure from a {S}ingle {S}till {I}mage},
 booktitle ={IEEE Transactions on Pattern Analysis and Machine Intelligence (PAMI)},
 year=2008
}
@article{Smith-2009,
   author ={B. Smith and A. Howard and J-M. McNew and J. Wang and M. Egerstedt},
   title ={{M}ulti-robot {D}eployment and {C}oordination with {E}mbedded {G}raph {G}rammars},
   journal ={Journal of Autonomous Robots},
   publisher ={Springer},
   volume ={26},
   number ={1},
   pages ={77--98},
   year=2009
}
@conference{Bauer-2006,
   author ={J. Bauer and R. Wilhelm},
   title ={{A}bstract {I}nterpretation of {G}raph {G}rammars},
   booktitle ={Proc. of Simulation and Verification of Dynamic Systems Seminar},
   year=2006
}
@article{Bouassida-2010,
   author ={I. Bousassida and C. Chassor and M. Jmaiel},
   title ={{G}raph {G}rammar-based {T}ransformation for {C}ontext-aware {A}rchitectures {S}upporting {G}roup {C}ommunication},
   journal ={Revue des Nouvelles Technologies de l'Information},
   volume ={L},
   number ={19},
   pages ={29--42},
   year=2010
}


@article{Tu-2005,
  title={Image parsing: Unifying segmentation, detection, and recognition},
  author={Z. Tu and X. Chen and A. Yuille and S. C. Zhu},
  journal={International Journal of Computer Vision},
  volume={63},
  number={2},
  pages={113--140},
  year={2005},
  publisher={Springer}
}


@article{Siskind-2007,
   author ={J. M. Siskind and J. Sherman and I. Pollak and M. P. Harper and C. A. Bouman},
   title ={{S}patial {R}andom {T}ree {G}rammars for {M}odeling {H}ierarchal {S}tructure in {I}mages with {R}egions of {A}rbitrary {S}hape},
   journal ={Transactions on Pattern Analysis and Machine Intelligence},
   publisher ={IEEE},
   volume ={29},
   number ={9},
   pages ={1504--1519},
   year=2007
}
@conference{Zhu-2000,
author ={S-C. Zhu and R. Zhang and Z. Tu},
title ={{Integrating Bottom-Up/Top-Down for Object Recognition by Data Driven Markov Chain Monte Carlo}},
booktitle ={{Proc. of Int. Conf. in Computer Vision and Pattern Recognition}},
pages ={{738--745}},
year={{2000}},
}
@article{Han-2009,
author ={F. Han and S-C. Zhu},
title ={{Bottom-Up/Top-Down Image Parsing with Attribute Grammar}},
journal ={{IEEE Transactions on Pattern Analysis and Machine Intelligence}},
volume ={31},
number ={1},
year=2009
}

@inproceedings{DelPero-2012,
title={Bayesian geometric modeling of indoor scenes},
author={Del Pero, L and Bowdish, J and Fried, Daniel and Kermgard, B and Hartley, E and Barnard, Kobus},
booktitle={Computer Vision and Pattern Recognition (CVPR), 2012 IEEE Conference on},
pages={2719--2726},
year={2012},
organization={IEEE}
}

@article{Lin-2009,
   author ={L. Lin and T. Wu and J. Porway and Z. Xu},
   title ={{A} {S}tochastic {G}raph {G}rammar for {C}ompositional {O}bject {R}epresentation and {R}ecognition},
   journal ={Journal of Pattern Recognition},
   publisher ={Elsevier},
   volume ={42},
   number ={7},
   pages ={1297--1307},
   year=2009
}



@book{Rozenberg-1997,
author={G. Rozenberg},
title={{Handbook of Graph Grammars}},
publisher={{World Scientific}},
year=1997
}
@article{Torralba-2010,
author ={A. Torralba and K. P. Murphy and W. T. Freeman},
title ={{Using the forest to see the trees: exploiting context for visual object detection and localization}},
journal ={{Communications of the ACM}},
publisher ={{ACM}},
volume={53},
number ={3},
pages ={107--114},
year=2010
}
@inbook{Bachiller-2011,
author={P. Bachiller and P. Bustos and L. J. Manso},
chapter={{Attentional Behaviors for Environment Modeling by a Mobile Robot}},
isbn={978-953-307-837-3},
title={{Stereo Vision}},
publisher={{InTech}},
pages={17--40},
isbn={978-953-307-837-3},
year=2011
}
@inproceedings{Brandao-2006,
author={B. C. Brandao and J. Wainer and S. K. Goldenstein},
title={{Subspace Hierarchical Particle Filter}},
booktitle={{Brazilian Symposium on Computer Graphics and Image Processing, SIBGRAPI '06}},
pages={194--204},
year={2006}
}

% POR LEER de nuevo!
@inproceedings{Delage-2006,
title={{A dynamic Bayesian network model for autonomous 3d reconstruction from a single indoor image}},
author={E. Delage and H. Lee and A. Y. Ng},
booktitle={IEEE Computer Society Conference on Computer Vision and Pattern Recognition},
volume={2},
pages={2418--2428},
year={2006},
organization={IEEE}
}

@book{LaValle-2006,
author={S. M. LaValle},
title={{Planning Algorithms}},
publisher={{Cambridge University Press}},
note={{Available at http://planning.cs.uiuc.edu/}},
year={2006}
}


@book{Russel-2010,
author ={S. J. Russell and P. Norvig},
publisher ={Prentice Hall},
title ={{Artificial Intelligence: A Modern Approach}},
year ={2009},
edition ={3rd}
}

@phdthesis{Rusu-2009,
  author = {R. B. Rusu},
  title = {Semantic 3D Object Maps for Everyday Manipulation in Human Living Environments},
  school = {Technical University of Munich, Germany},
  year = {2009}
}

@inproceedings{Badino-2011,
title={Fast and Accurate Computation of Surface Normals from Range Images},
author={H. Badino and D. Huber and Y. Park and T. Kanade},
booktitle={IEEE International Conference on Robotics and Automation (ICRA)},
pages={3084--3091},
year={2011},
organization={IEEE}
}


P A R T   IV :   S E Q U E N T I A L   T A S K   E X E C U T I O N
@conference{Hasemann-1994,
author ={J-M. Hasemann},
title ={{A Robot Control Architecture based on Graph Grammars and Fuzzy Logic}},
booktitle ={Proc. of Int. Conf. on Intelligent Robots and Systems (IROS)},
pages ={2123--2130},
year=1994
}
@article{Borrajo-2011,
author ={E. Quintero and A. Garc\'ia-Olaya and D. Borrajo and F. Fern\'andez},
title ={{Control of Autonomous Mobile Robots with Automated Planning}},
journal ={{Journal of Physical Agents}},
volume ={5},
number ={1},
pages ={3--13},
year=2011
}

@article{Cintas-2011,
author={R. Cintas and L. J. Manso and L. Pinero and P. Bachiller and P. Bustos},
title={{Robust Behavior and Perception using Hierarchical State Machines: a Pallet Manipulation Experiment}},
journal={{Journal of Physical Agents}},
volume={5},
number={1},
pages={35--44},
month={March},
issn={ISSN 1888-0258},
year={2011}
}


@conference{Manso-2012,
author={L. J. Manso and P. Bustos and P. Bachiller and M. A. Gutierrez},
title={{Graph Grammars for Active Perception}},
booktitle={Proc. of 12th International Conference on Autonomous Robot Systems and Competitions},
pages={63--68},
year={2012}
}


@TechReport{Ghallab-1998,
author={Ghallab, M. and Aeronautiques, C. and Isi, C. K. and Wilkins, D.},
title={{PDDL: the planning domain definition language}},
institution = {New Haven, CT: Yale Center for Computational Vision and Control},
number = {Technical Report CVC TR­98­003/DCS TR­1165},
year = {1998},
}



P A R T   V  :   C O N C L U S I O N S


P A R T   VI  :   A P P E N D I C E S







@book{AI,
title={{Artificial Intelligence: a Modern Approach}},
edition={3},
authors={S. Russell and P. Norvig},
year={2009},
publisher={Pearson}
}

@book{Bishop-2007,
author ={M. C. Bishop},
edition ={1},
publisher ={Springer},
title ={{Pattern Recognition and Machine Learning (Information Science and Statistics)}},
year ={2007},
isbn ={0387310738},
}



@Misc{Manso-2012-innermodel,
author = {L. J. Manso},
title = {{InnerModel*: InnerModel, InnerModelViewer, RCInnerModelEditor and RCInnerModelSimulator}},
howpublished = {{RoboComp's Wiki Tutorials}},
year = {{2012}},
url = {http://sourceforge.net/apps/mediawiki/robocomp/index.php?title=InnerModel},
}


@inproceedings{Mateos-2010,
	author = {Mateos, J. and S\'{a}nchez, A. and Manso, L. J. and Bachiller, P. and Bustos, P.},
	title = {{RobEx: an open-hardware robotics platform}},
	booktitle = {{Workshop of Physical Agents}},
	year = {2010}
}

pipelines
@incollection{holz2011towards,
  title={Towards semantic scene analysis with time-of-flight cameras},
  author={Holz, Dirk and Schnabel, Ruwen and Droeschel, David and St{\"u}ckler, J{\"o}rg and Behnke, Sven},
  booktitle={RoboCup 2010: Robot Soccer World Cup XIV},
  pages={121--132},
  year={2011},
  publisher={Springer}
}
pipelines
@inproceedings{richtsfeld2012towards,
  title={Towards Scene Understanding—Object Segmentation Using RGBD-Images},
  author={Richtsfeld, Andreas and M{\"o}rwald, Thomas and Prankl, Johann and Balzer, Jonathan and Zillich, Michael and Vincze, Markus},
  booktitle={Computer Vision Winter Workshop (CVWW)},
  volume={1},
  year={2012}
}

@inproceedings{rusu2009intelligent,
author={Rusu, R. B. and Blodow, N. and Marton, Z. C. and Beetz, M.},
booktitle={Intelligent Robots and Systems, 2009. IROS 2009. IEEE/RSJ International Conference on}, title={Close-range scene segmentation and reconstruction of 3D point cloud maps for mobile manipulation in domestic environments},
year={2009},
pages={1-6},
}

double push-out
@article{heckel2006graph,
  title={Graph transformation in a nutshell},
  author={Heckel, Reiko},
  journal={Electronic notes in theoretical computer science},
  volume={148},
  number={1},
  pages={187--198},
  year={2006},
  publisher={Elsevier}
}

@incollection{murtra2010efficient,
  title={Efficient use of 3d environment models for mobile robot simulation and localization},
  author={Murtra, Andreu Corominas and Trulls, Eduard and Tur, Josep M Mirats and Sanfeliu, Alberto},
  booktitle={Simulation, Modeling, and Programming for Autonomous Robots},
  pages={461--472},
  year={2010},
  publisher={Springer}
}

@PhdThesis{Manso-2013thesis,
 author = {L. J. Manso},
 title = {{Perception as Stochastic Sampling on Dynamic Graph Spaces}},
 school = {University of Extremadura},
 year = {2013},
 url = {http://ljmanso.com/thesis},
}

@inproceedings{drews2010novelty,
title={Novelty detection and 3d shape retrieval using superquadrics and multi-scale sampling for autonomous mobile robots},
author={Drews, P and N{\'u}{\~n}ez, P and Rocha, R and Campos, M and Dias, J},
booktitle={Robotics and Automation (ICRA), 2010 IEEE International Conference on},
pages={3635--3640},
year={2010},
organization={IEEE}
}

@inproceedings{gaborski2004venus,
  title={Venus: A system for novelty detection in video streams with learning},
  author={Gaborski, Roger S and Vaingankar, Vishal S and Chaoji, Vineet and Teredesai, Ankur and Tentler, Aleksey},
  booktitle={Proceedings of the 17th International FLAIRS Conference},
  pages={1--5},
  year={2004}
}

@article{markou2003noveltyA,
title={Novelty detection: a review --- part 1: statistical approaches},
author={{M. Markou and S. Singh}},
journal={Signal processing},
volume={83},
number={12},
pages={2481--2497},
year={2003},
publisher={Elsevier}
}
@article{markou2003noveltyB,
title={Novelty detection: a review --- part 2: neural network based approaches},
author={{M. Markou and S. Singh}},
journal={Signal processing},
volume={83},
number={12},
pages={2499--2521},
year={2003},
publisher={Elsevier}
}

@misc{descartes1904meditationes,
  title={Meditationes de prima philosophia, in qua Dei existentia et animæ immortalitas demonstratur},
  author={Descartes, Ren{\'e}},
  year={1641}
}


@article{hesslow2002conscious,
  title={Conscious thought as simulation of behaviour and perception},
  author={Hesslow, Germund},
  journal={Trends in cognitive sciences},
  volume={6},
  number={6},
  pages={242--247},
  year={2002},
  publisher={Elsevier}
}

@inproceedings{besl1992method,
 title={Method for registration of 3-D shapes},
 author={Besl, Paul J and McKay, Neil D},
 booktitle={Robotics-DL tentative},
 pages={586--606},
 year={1992},
 organization={International Society for Optics and Photonics}
}

@article{cotterill2001cooperation,
  title={Cooperation of the basal ganglia, cerebellum, sensory cerebrum and hippocampus: possible implications for cognition, consciousness, intelligence and creativity},
  author={Cotterill, Rodney MJ and others},
  journal={Progress in Neurobiology},
  volume={64},
  number={1},
  pages={1--33},
  year={2001},
  publisher={Elsevier Science}
}

@article{holland2003,
 title={Robots with internal models},
 author={O. Holland},
 journal={Journal of Consciousness Studies},
 volume={10},
 number={4-5},
 pages={77--109},
 year={2003},
}

@inproceedings{hoffmann2004,
 title={Action selection and mental transformation based on a chain of forward models},
 author={Hoffmann H. and Möller R.},
 booktitle={Proceedings of the eighth international conference on simulation of behavior, SAB},
 pages={213--222},
 year={2004},
}

@article{ziemke2005internal,
  title={Internal simulation of perception: a minimal neuro-robotic model},
  author={Ziemke, Tom and Jirenhed, Dan-Anders and Hesslow, Germund},
  journal={Neurocomputing},
  volume={68},
  pages={85--104},
  year={2005},
  publisher={Elsevier}
}

@book{frith2009making,
  title={Making up the mind: How the brain creates our mental world},
  author={Frith, Chris},
  year={2009},
  publisher={Wiley-Blackwell}
}
